
@article{vanderwalt2011,
  title = {The NumPy array: a structure for efficient numerical computation},
  journal = {ArXiv e-prints},
  author = {Van Der Walt, Stefan and Colbert, S. Chris and Varoquaux, Gaël},
  month = feb,
  year = {2011},
  keywords = {Computer Science - Mathematical Software},
  pages = {arXiv:1102.1523}
}

@book{jones2001,
  title = {SciPy: Open source scientific tools for Python},
  author = {Jones, Eric and Oliphant, Travis and Peterson, Pearu and {others}},
  year = {2001}
}

@article{hunter2007,
  title = {Matplotlib: A 2D graphics environment},
  volume = {9},
  abstract = {Matplotlib is a 2D graphics package used for Python for application development, interactive scripting, and publication-quality image generation across user interfaces and operating systems.},
  number = {3},
  journal = {Computing In Science & Engineering},
  author = {Hunter, J. D.},
  year = {2007},
  pages = {90–95}
}

@article{mcclure2016,
  title = {Mass Measurements in Protoplanetary Disks from Hydrogen Deuteride},
  volume = {831},
  doi = {10.3847/0004-637X/831/2/167},
  journal = {\apj},
  author = {McClure, M. K. and Bergin, E. A. and Cleeves, L. I. and van Dishoeck, E. F. and Blake, G. A. and Evans, II, N. J. and Green, J. D. and Henning, Th. and Öberg, K. I. and Pontoppidan, K. M. and Salyk, C.},
  month = nov,
  year = {2016},
  keywords = {astrobiology,Astrophysics - Earth and Planetary Astrophysics,Astrophysics - Solar and Stellar Astrophysics,protoplanetary disks,radiative transfer},
  pages = {167}
}

@article{bergin2013,
  title = {An old disk still capable of forming a planetary system},
  volume = {493},
  doi = {10.1038/nature11805},
  journal = {\nat},
  author = {Bergin, Edwin A. and Cleeves, L. Ilsedore and Gorti, Uma and Zhang, Ke and Blake, Geoffrey A. and Green, Joel D. and Andrews, Sean M. and Evans, II, Neal J. and Henning, Thomas and Öberg, Karin and Pontoppidan, Klaus and Qi, Chunhua and Salyk, Colette and van Dishoeck, Ewine F.},
  month = jan,
  year = {2013},
  keywords = {Astrophysics - Solar and Stellar Astrophysics},
  pages = {644-646}
}

@article{winter2018a,
  title = {Protoplanetary disc truncation mechanisms in stellar clusters: comparing external photoevaporation and tidal encounters},
  volume = {478},
  doi = {10.1093/mnras/sty984},
  journal = {\mnras},
  author = {Winter, A. J. and Clarke, C. J. and Rosotti, G. and Ih, J. and Facchini, S. and Haworth, T. J.},
  month = apr,
  year = {2018},
  keywords = {accretion,accretion discs,Astrophysics - Astrophysics of Galaxies,Astrophysics - Earth and Planetary Astrophysics,Astrophysics - Solar and Stellar Astrophysics,circumstellar matter,protoplanetary discs,stars: kinematics and dynamics,stars: pre-main-sequence},
  pages = {2700-2722}
}

@article{rosotti2018,
  title = {Erratum: Protoplanetary disc evolution affected by star-disc interactions in young stellar clusters},
  volume = {473},
  doi = {10.1093/mnras/stx2585},
  journal = {\mnras},
  author = {Rosotti, Giovanni P. and Dale, James E. and de Juan Ovelar, Maria and Hubber, David A. and Kruijssen, J. M. Diederik and Ercolano, Barbara and Walch, Stefanie},
  month = jan,
  year = {2018},
  keywords = {accretion,accretion discs,addenda,errata,hydrodynamics,protoplanetary discs},
  pages = {3223-3225}
}

@article{winter2018,
  title = {Protoplanetary disc response to distant tidal encounters in stellar clusters},
  volume = {475},
  doi = {10.1093/mnras/sty012},
  journal = {\mnras},
  author = {Winter, A. J. and Clarke, C. J. and Rosotti, G. and Booth, R. A.},
  month = apr,
  year = {2018},
  keywords = {accretion,accretion discs,Astrophysics - Astrophysics of Galaxies,Astrophysics - Earth and Planetary Astrophysics,Astrophysics - Solar and Stellar Astrophysics,circumstellar matter,protoplanetary discs,stars: kinematics and dynamics,stars: pre-main-sequence},
  pages = {2314-2325}
}

@article{facchini2016,
  title = {External photoevaporation of protoplanetary discs in sparse stellar groups: the impact of dust growth},
  volume = {457},
  doi = {10.1093/mnras/stw240},
  number = {4},
  journal = {\mnras},
  author = {Facchini, Stefano and Clarke, Cathie J. and Bisbas, Thomas G.},
  year = {2016},
  pages = {3593-3610}
}

@article{barenfeld2017,
  title = {Measurement of Circumstellar Disk Sizes in the Upper Scorpius OB Association with ALMA},
  volume = {851},
  doi = {10.3847/1538-4357/aa989d},
  journal = {\apj},
  author = {Barenfeld, S. A. and Carpenter, J. M. and Sargent, A. I. and Isella, A. and Ricci, L.},
  month = dec,
  year = {2017},
  keywords = {open clusters and associations: individual: Upper Scorpius OB1,planetary systems,protoplanetary disks,stars: pre-main sequence},
  pages = {85}
}

@article{bohlin1978,
  title = {A survey of interstellar H I from L-alpha absorption measurements. II},
  volume = {224},
  doi = {10.1086/156357},
  journal = {\apj},
  author = {Bohlin, R. C. and Savage, B. D. and Drake, J. F.},
  month = aug,
  year = {1978},
  keywords = {Abundance,Hydrogen Atoms,Hydrogen Clouds,Interstellar Extinction,Interstellar Gas,Lyman Alpha Radiation,Molecular Absorption,Neutral Particles,Oao 2,Satellite Observation,Ultraviolet Spectra},
  pages = {132-142}
}

@article{ansdell2018,
  title = {ALMA Survey of Lupus Protoplanetary Disks. II. Gas Disk Radii},
  volume = {859},
  doi = {10.3847/1538-4357/aab890},
  journal = {\apj},
  author = {Ansdell, M. and Williams, J. P. and Trapman, L. and van Terwisga, S. E. and Facchini, S. and Manara, C. F. and van der Marel, N. and Miotello, A. and Tazzari, M. and Hogerheijde, M. and Guidi, G. and Testi, L. and van Dishoeck, E. F.},
  month = may,
  year = {2018},
  keywords = {accretion,accretion disks,Astrophysics - Earth and Planetary Astrophysics,circumstellar matter,Herbig Ae/Be,planetary systems,protoplanetary disks,stars: pre-main sequence,stars: variables: T Tauri},
  pages = {21}
}

@article{tazzari2017,
  title = {Physical properties of dusty protoplanetary disks in Lupus: evidence for viscous evolution?},
  volume = {606},
  doi = {10.1051/0004-6361/201730890},
  journal = {\aap},
  author = {Tazzari, M. and Testi, L. and Natta, A. and Ansdell, M. and Carpenter, J. and Guidi, G. and Hogerheijde, M. and Manara, C. F. and Miotello, A. and van der Marel, N. and van Dishoeck, E. F. and Williams, J. P.},
  month = oct,
  year = {2017},
  keywords = {protoplanetary disks,stars: pre-main sequence,submillimeter: general},
  pages = {A88}
}

@article{mulders2017,
  title = {Constraints from Dust Mass and Mass Accretion Rate Measurements on Angular Momentum Transport in Protoplanetary Disks},
  volume = {847},
  doi = {10.3847/1538-4357/aa8906},
  journal = {\apj},
  author = {Mulders, G. D. and Pascucci, I. and Manara, C. F. and Testi, L. and Herczeg, G. J. and Henning, T. and Mohanty, S. and Lodato, G.},
  month = sep,
  year = {2017},
  keywords = {accretion,accretion disks,planets and satellites: formation,protoplanetary disks,stars: low-mass},
  pages = {31}
}

@article{hillenbrand2008,
  title = {Disk-dispersal and planet-formation timescales},
  volume = {130},
  doi = {10.1088/0031-8949/2008/T130/014024},
  number = {1},
  journal = {Physica Scripta Volume T},
  author = {Hillenbrand, L. A.},
  month = aug,
  year = {2008},
  pages = {014024}
}

@article{hall1997,
  title = {Circumstellar disc density profiles: a dynamic approach},
  volume = {287},
  doi = {10.1093/mnras/287.1.148},
  journal = {\mnras},
  author = {Hall, S. M.},
  month = may,
  year = {1997},
  keywords = {ACCRETION,ACCRETION DISCS,BINARIES: CLOSE,CELESTIAL MECHANICS,GALAXIES: CLUSTERS: GENERAL,PLANETARY SYSTEMS,STARS: FORMATION,S℡LAR DYNAMICS},
  pages = {148-154}
}

@article{portegieszwart2013,
  title = {Multi-physics simulations using a hierarchical interchangeable software interface},
  volume = {183},
  doi = {10.1016/j.cpc.2012.09.024},
  journal = {Computer Physics Communications},
  author = {Portegies Zwart, S. and McMillan, S. L. W. and van Elteren, E. and Pelupessy, I. and de Vries, N.},
  month = mar,
  year = {2013},
  keywords = {and visualization,Astronomy,Computer applications,Computing methodologies: simulation modeling,Distributed computing,Physical sciences and engineering},
  pages = {456-468}
}

@article{pelupessy2013,
  title = {The Astrophysical Multipurpose Software Environment},
  volume = {557},
  doi = {10.1051/0004-6361/201321252},
  journal = {\aap},
  author = {Pelupessy, F. I. and van Elteren, A. and de Vries, N. and McMillan, S. L. W. and Drost, N. and Portegies Zwart, S. F.},
  month = sep,
  year = {2013},
  keywords = {hydrodynamics,methods: numerical,radiative transfer,stars: evolution,stars: kinematics and dynamics},
  pages = {A84}
}

@article{parker2014,
  title = {Supernova enrichment and dynamical histories of solar-type stars in clusters},
  volume = {437},
  doi = {10.1093/mnras/stt1957},
  journal = {\mnras},
  author = {Parker, R. J. and Church, R. P. and Davies, M. B. and Meyer, M. R.},
  month = jan,
  year = {2014},
  keywords = {methods: numerical,open clusters and associations: general,planetary systems,stars: formation},
  pages = {946-958}
}

@article{cox2017,
  title = {Protoplanetary Disks in ρ Ophiuchus as Seen From ALMA},
  volume = {851},
  doi = {10.3847/1538-4357/aa97e2},
  journal = {\apj},
  author = {Cox, E. G. and Harris, R. J. and Looney, L. W. and Chiang, H.-F. and Chandler, C. and Kratter, K. and Li, Z.-Y. and Perez, L. and Tobin, J. J.},
  month = dec,
  year = {2017},
  keywords = {protoplanetary disks,stars: formation,stars: pre-main sequence},
  pages = {83}
}

@article{luhman2012,
  title = {The Disk Population of the Upper Scorpius Association},
  volume = {758},
  doi = {10.1088/0004-637X/758/1/31},
  journal = {\apj},
  author = {Luhman, K. L. and Mamajek, E. E.},
  month = oct,
  year = {2012},
  keywords = {accretion,accretion disks,brown dwarfs,protoplanetary disks,stars: formation,stars: low-mass,stars: pre-main sequence},
  pages = {31}
}

@incollection{preibisch2008,
  title = {The Nearest OB Association: Scorpius-Centaurus (Sco OB2)},
  booktitle = {Handbook of Star Forming Regions, Volume II},
  author = {Preibisch, T. and Mamajek, E.},
  editor = {Reipurth, B.},
  month = dec,
  year = {2008},
  pages = {235}
}

@article{carpenter2006,
  title = {Evidence for Mass-dependent Circumstellar Disk Evolution in the 5 Myr Old Upper Scorpius OB Association},
  volume = {651},
  doi = {10.1086/509121},
  journal = {\apjl},
  author = {Carpenter, J. M. and Mamajek, E. E. and Hillenbrand, L. A. and Meyer, M. R.},
  month = nov,
  year = {2006},
  keywords = {open clusters and associations: individual (Upper Scorpius OB1),Stars: Planetary Systems: Protoplanetary Disks,Stars: Pre-Main-Sequence},
  pages = {L49-L52}
}

@article{schaefer2016,
  title = {Orbits, Distance, and Stellar Masses of the Massive Triple Star σ Orionis},
  volume = {152},
  doi = {10.3847/0004-6256/152/6/213},
  journal = {\aj},
  author = {Schaefer, G. H. and Hummel, C. A. and Gies, D. R. and Zavala, R. T. and Monnier, J. D. and Walter, F. M. and Turner, N. H. and Baron, F. and ten Brummelaar, T. and Che, X. and Farrington, C. D. and Kraus, S. and Sturmann, J. and Sturmann, L.},
  month = dec,
  year = {2016},
  keywords = {binaries: spectroscopic,binaries: visual,stars: fundamental parameters,stars: individual: σ Orionis,techniques: interferometric},
  pages = {213}
}

@article{sherry2004,
  title = {Photometric Identification of the Low-Mass Population of Orion OB1b. I. The σ Orionis Cluster},
  volume = {128},
  doi = {10.1086/424863},
  journal = {\aj},
  author = {Sherry, W. H. and Walter, F. M. and Wolk, S. J.},
  month = nov,
  year = {2004},
  keywords = {Brown Dwarfs,open clusters and associations: individual (σ Orionis),Stars: Formation,Stars: Imaging,Stars: Low-Mass,Stars: Pre-Main-Sequence},
  pages = {2316-2330}
}

@article{caballero2008,
  title = {Spatial distribution of stars and brown dwarfs in σ Orionis},
  volume = {383},
  doi = {10.1111/j.1365-2966.2007.12555.x},
  journal = {\mnras},
  author = {Caballero, J. A.},
  month = jan,
  year = {2008},
  keywords = {brown dwarfs,open clusters and associations: individual: σ Orionis,stars: formation,stars: low mass},
  pages = {375-382}
}

@article{boulanger1998,
  title = {CO and IRAS observations of the Chamaeleon molecular clouds},
  volume = {332},
  journal = {\aap},
  author = {Boulanger, F. and Bronfman, L. and Dame, T. M. and Thaddeus, P.},
  month = apr,
  year = {1998},
  keywords = {CLOUDS,INFRARED: ISM: CONTINUUM,ISM: CHAMAELEON CLOUDS,ISM: DUST,RADIO LINES: ISM},
  pages = {273-290}
}

@article{luhman2007,
  title = {The Stellar Population of the Chamaeleon I Star-forming Region},
  volume = {173},
  doi = {10.1086/520114},
  journal = {\apjs},
  author = {Luhman, K. L.},
  month = nov,
  year = {2007},
  keywords = {Brown Dwarfs,Infrared: Stars,Mass Function,Stars: Evolution,Stars: Formation,Stars: Low-Mass,Stars: Luminosity Function,Stars: Pre-Main-Sequence},
  pages = {104-136}
}

@article{whittet1997,
  title = {On the distance to the Chamaeleon I and II associations},
  volume = {327},
  journal = {\aap},
  author = {Whittet, D. C. B. and Prusti, T. and Franco, G. A. P. and Gerakines, P. A. and Kilkenny, D. and Larson, K. A. and Wesselius, P. R.},
  month = nov,
  year = {1997},
  keywords = {CHAMAELEON CLOUDS,DUST,EXTINCTION,ISM: CLOUDS,REFLECTION NEBULAE,STARS: DISTANCES},
  pages = {1194-1205}
}

@article{sacco2017,
  title = {The Gaia-ESO Survey: Structural and dynamical properties of the young cluster Chamaeleon I},
  volume = {601},
  doi = {10.1051/0004-6361/201629698},
  journal = {\aap},
  author = {Sacco, G. G. and Spina, L. and Randich, S. and Palla, F. and Parker, R. J. and Jeffries, R. D. and Jackson, R. and Meyer, M. R. and Mapelli, M. and Lanzafame, A. C. and Bonito, R. and Damiani, F. and Franciosini, E. and Frasca, A. and Klutsch, A. and Prisinzano, L. and Tognelli, E. and Degl'Innocenti, S. and Prada Moroni, P. G. and Alfaro, E. J. and Micela, G. and Prusti, T. and Barrado, D. and Biazzo, K. and Bouy, H. and Bravi, L. and Lopez-Santiago, J. and Wright, N. J. and Bayo, A. and Gilmore, G. and Bragaglia, A. and Flaccomio, E. and Koposov, S. E. and Pancino, E. and Casey, A. R. and Costado, M. T. and Donati, P. and Hourihane, A. and Jofré, P. and Lardo, C. and Lewis, J. and Magrini, L. and Monaco, L. and Morbidelli, L. and Sousa, S. G. and Worley, C. C. and Zaggia, S.},
  month = may,
  year = {2017},
  keywords = {open clusters and associations: individual: Chamaeleon I,stars: kinematics and dynamics,stars: pre-main sequence,techniques: spectroscopic},
  pages = {A97}
}

@article{merin2008,
  title = {The Spitzer c2d Survey of Large, Nearby, Interstellar Clouds. XI. Lupus Observed with IRAC and MIPS},
  volume = {177},
  doi = {10.1086/588042},
  journal = {\apjs},
  author = {Merín, B. and Jørgensen, J. and Spezzi, L. and Alcalá, J. M. and Evans, N. J., II and Harvey, P. M. and Prusti, T. and Chapman, N. and Huard, T. and van Dishoeck, E. F. and Comerón, F.},
  month = aug,
  year = {2008},
  keywords = {infrared: general,ISM: individual: Lupus I Lupus III Lupus IV,stars: formation,stars: pre-main sequence},
  pages = {551-583}
}

@incollection{comeron2008,
  title = {The Lupus Clouds},
  booktitle = {Handbook of Star Forming Regions, Volume II},
  author = {Comerón, F.},
  month = dec,
  year = {2008},
  pages = {295}
}

@article{schulz2015,
  title = {X-Ray Properties of Low-mass Pre-main Sequence Stars in the Orion Trapezium Cluster},
  volume = {810},
  doi = {10.1088/0004-637X/810/1/55},
  journal = {\apj},
  author = {Schulz, N. S. and Huenemoerder, D. P. and Günther, M. and Testa, P. and Canizares, C. R.},
  month = sep,
  year = {2015},
  keywords = {stars: abundances,stars: activity,stars: pre-main sequence},
  pages = {55}
}

@article{hillenbrand1997,
  title = {On the Stellar Population and Star-Forming History of the Orion Nebula Cluster},
  volume = {113},
  doi = {10.1086/118389},
  journal = {\aj},
  author = {Hillenbrand, L. A.},
  month = may,
  year = {1997},
  pages = {1733-1768}
}

@article{muench2002,
  title = {The Luminosity and Mass Function of the Trapezium Cluster: From B Stars to the Deuterium-burning Limit},
  volume = {573},
  doi = {10.1086/340554},
  journal = {\apj},
  author = {Muench, A. A. and Lada, E. A. and Lada, C. J. and Alves, J.},
  month = jul,
  year = {2002},
  keywords = {Brown Dwarfs,Galaxy: Open Clusters and Associations: Individual: Name: Trapezium,Infrared: Stars,Mass Function,Stars: Low-Mass,Stars: Luminosity Function,Stars: Pre-Main-Sequence},
  pages = {366-393}
}

@article{hillenbrand1998,
  title = {A Preliminary Study of the Orion Nebula Cluster Structure and Dynamics},
  volume = {492},
  doi = {10.1086/305076},
  journal = {\apj},
  author = {Hillenbrand, L. A. and Hartmann, L. W.},
  month = jan,
  year = {1998},
  keywords = {Celestial Mechanics,CELESTIAL MECHANICS,GALAXY: OPEN CLUSTERS AND ASSOCIATIONS: INDIVIDUAL NAME: ORION NEBULA CLUSTER,Galaxy: Open Clusters and Associations: Individual: Name: Orion Nebula Cluster,Stars: Evolution,STARS: EVOLUTION,Stellar Dynamics,S℡LAR DYNAMICS},
  pages = {540-553}
}

@article{robberto2004,
  title = {Hubble Space Telescope WFPC2 Study of the Trapezium Cluster: The Influence of Circumstellar Disks on the Initial Mass Function},
  volume = {606},
  doi = {10.1086/383141},
  journal = {\apj},
  author = {Robberto, M. and Song, J. and Mora Carrillo, G. and Beckwith, S. V. W. and Makidon, R. B. and Panagia, N.},
  month = may,
  year = {2004},
  keywords = {Accretion,Accretion Disks,Galaxy: Open Clusters and Associations: Individual: Name: Orion Nebula Cluster,Stars: Formation,stars: pre-main-sequence},
  pages = {952-968}
}

@article{alcala2014,
  title = {X-shooter spectroscopy of young stellar objects. IV. Accretion in low-mass stars and substellar objects in Lupus},
  volume = {561},
  doi = {10.1051/0004-6361/201322254},
  journal = {\aap},
  author = {Alcalá, J. M. and Natta, A. and Manara, C. F. and Spezzi, L. and Stelzer, B. and Frasca, A. and Biazzo, K. and Covino, E. and Randich, S. and Rigliaco, E. and Testi, L. and Comerón, F. and Cupani, G. and D'Elia, V.},
  month = jan,
  year = {2014},
  keywords = {accretion,accretion disks,line: formation,line: identification,open clusters and associations: individual: Lupus,stars: low-mass,stars: pre-main sequence},
  pages = {A2}
}

@article{pascucci2016,
  title = {A Steeper than Linear Disk Mass-Stellar Mass Scaling Relation},
  volume = {831},
  doi = {10.3847/0004-637X/831/2/125},
  journal = {\apj},
  author = {Pascucci, I. and Testi, L. and Herczeg, G. J. and Long, F. and Manara, C. F. and Hendler, N. and Mulders, G. D. and Krijt, S. and Ciesla, F. and Henning, T. and Mohanty, S. and Drabek-Maunder, E. and Apai, D. and Szűcs, L. and Sacco, G. and Olofsson, J.},
  month = nov,
  year = {2016},
  keywords = {brown dwarfs,protoplanetary disks,stars: pre-main sequence,submillimeter: planetary systems},
  pages = {125}
}

@article{barenfeld2016,
  title = {ALMA Observations of Circumstellar Disks in the Upper Scorpius OB Association},
  volume = {827},
  doi = {10.3847/0004-637X/827/2/142},
  journal = {\apj},
  author = {Barenfeld, S. A. and Carpenter, J. M. and Ricci, L. and Isella, A.},
  month = aug,
  year = {2016},
  keywords = {open clusters and associations: individual: Upper Scorpius OB1,protoplanetary disks,stars: pre-main sequence},
  pages = {142}
}

@article{testi2016,
  title = {Brown dwarf disks with ALMA: Evidence for truncated dust disks in Ophiuchus},
  volume = {593},
  doi = {10.1051/0004-6361/201628623},
  journal = {\aap},
  author = {Testi, L. and Natta, A. and Scholz, A. and Tazzari, M. and Ricci, L. and de Gregorio Monsalvo, I.},
  month = oct,
  year = {2016},
  keywords = {brown dwarfs,protoplanetary disks,stars: formation,submillimeter: planetary systems},
  pages = {A111}
}

@article{cieza2015,
  title = {A SCUBA-2 850-μm survey of protoplanetary discs in the IC 348 cluster},
  volume = {454},
  doi = {10.1093/mnras/stv2044},
  journal = {\mnras},
  author = {Cieza, L. and Williams, J. and Kourkchi, E. and Andrews, S. and Casassus, S. and Graves, S. and Schreiber, M. R.},
  month = dec,
  year = {2015},
  keywords = {open clusters and associations: individual: IC 348,protoplanetary discs,submillimetre: planetary systems},
  pages = {1909-1920}
}

@article{dodds2015,
  title = {The JCMT Gould Belt Survey: low-mass protoplanetary discs from a SCUBA-2 census of NGC 1333},
  volume = {447},
  doi = {10.1093/mnras/stu2415},
  journal = {\mnras},
  author = {Dodds, P. and Greaves, J. S. and Scholz, A. and Hatchell, J. and Holland, W. S. and {JCMT Gould Belt Survey Team}},
  month = feb,
  year = {2015},
  keywords = {planets and satellites: formation,protoplanetary discs,stars: formation,stars: pre-main-sequence},
  pages = {722-727}
}

@article{mauco2016,
  title = {A Herschel View of Protoplanetary Disks in the σ Ori Cluster},
  volume = {829},
  doi = {10.3847/0004-637X/829/1/38},
  journal = {\apj},
  author = {Maucó, K. and Hernández, J. and Calvet, N. and Ballesteros-Paredes, J. and Briceño, C. and McClure, M. and D'Alessio, P. and Anderson, K. and Ali, B.},
  month = sep,
  year = {2016},
  keywords = {infrared: stars,open clusters and associations: individual: σ Orionis Cluster,protoplanetary disks,stars: formation,stars: pre-main sequence},
  pages = {38}
}

@article{ansdell2017,
  title = {An ALMA Survey of Protoplanetary Disks in the σ Orionis Cluster},
  volume = {153},
  doi = {10.3847/1538-3881/aa69c0},
  journal = {\aj},
  author = {Ansdell, M. and Williams, J. P. and Manara, C. F. and Miotello, A. and Facchini, S. and van der Marel, N. and Testi, L. and van Dishoeck, E. F.},
  month = may,
  year = {2017},
  keywords = {accretion,accretion disks,circumstellar matter,planets and satellites: formation,protoplanetary disks,stars: pre-main sequence,stars: protostars},
  pages = {240}
}

